1984 3232
234 281 48 27 1
241 326 41 46 0
210 629 78 363 HOMERJS
209 1043 67 88 .IL
208 1142 68 204 IAL)..
203 1438 85 454 BooK-XXII;

339 237 4 3 -
357 405 56 145 That
341 583 70 115 wise
360 726 50 198 Advice
357 949 67 218 rejected
356 1183 63 138 -with
353 1351 68 234 Disdain'

465 329 51 103 1451
463 465 51 97 feel
475 603 55 90 my
461 732 67 154 Folly
460 913 49 58 .in
474 997 52 92 rn.y
456 1117 69 187 People
456 1330 51 135 slain-
510 1508 4 3 -
528 1655 1 3 r

556 403 57 271 Methinks
577 701 51 92 my
552 817 72 242 suff'ring
544 1084 79 275 Country's
554 1387 52 161 Voice
531 1567 88 200 I'.hear,-

658 400 55 104 But
660 532 62 146 most,
660 717 49 95 her
656 839 75 259 Worthless
655 1126 70 124 S()Jns
637 1278 68 155 insult
663 1451 60 100 .my
653 1578 66 124 Ear,

763 400 49 90 0n
779 520 49 91 my
754 634 61 115 rash-
736 773 90 234 Courage
758 1031 67 188 charge
757 1264 49 87 the
755 1381 51 206 Chance
755 1615 50 65 0f
755 1695 65 147 War'

857 399 51 123 And
857 548 49 165 blame
852 742 53 143 those
853 912 60 208 Virtues
852 1139 53 169 which
853 1332 69 122 they
864 1476 39 188 cannot
854 1687 51 150 lhare-

955 324 52 255 150No----
954 591 51 59 If
954 667 50 26 I
955 722 49 98 e'er
964 848 52 189 return,
964 1076 54 178 return
953 1278 50 27 I
953 1330 78 162 must

1054 395 63 261 Glorious'
1066 688 55 100 -my
1047 814 74 276 Country's
1053 1118 50 196 Terror
1052 1341 50 105 laid
1052 1479 50 57 in
1052 1569 51 139 Dust
1072 1725 29 14 :

1168 348 4 4 .
1156 393 49 81 0r
1154 501 64 52 if
1155 570 49 27 I
1153 622 69 181 perish'
1154 846 50 71 let
1155 945 49 92 her
1153 1066 51 76 see
1171 1172 33 82 me
1151 1279 51 90 fall

1294 329 3 2 !
1256 388 50 65 In
1253 478 51 150 Field.
1249 654 53 57 at
1251 726 64 150 r-least,
1251 915 50 100 and
1250 1046 69 227 fighting
1249 1302 52 80 for
1249 1405 51 94 her
1227 1523 75 160 Will.

1353 386 50 124 And
1363 540 57 86 yet
1351 655 69 212 suppose
1324 896 79 141 these-
1351 1061 52 257 Measures
1353 1347 51 27 I
1352 1390 70 200 -forego'

1470 313 32 64 155
1449 387 68 282 Approach
1447 694 64 255 unarm'd,
1445 969 53 119 -and
1447 1113 68 153 parly
1445 1296 53 127 with
1448 1453 50 87 the
1447 1566 64 121 Fore,

1544 384 51 121 The
1543 524 64 454 Warrior-Shield'
1545 1003 50 88 the
1542 1109 65 175 Helm'
1542 1304 51 100 and
1542 1422 52 173 Lance
1544 1612 70 89 lay
1517 1716 95 164 down,

1650 383 69 124 And
1659 533 39 129 treat
1666 690 32 69 on
1645 788 53 188 Terms
1645 1011 52 66 of
1641 1104 55 155 Peace
1635 1285 61 55 fo
1646 1371 53 115 save
1642 1508 56 92 the
1637 1630 64 193 wan:

1738 381 63 122 The.
1722 537 82 144 Wife
1746 712 64 287 withheld'
1745 1039 52 88 the
1744 1152 52 251 Treasure
1723 1430 89 328 iu--detain'd'

1848 379 72 192 (Cause
1846 599 52 64 of
1848 679 49 88 the
1845 796 63 150 War'
1844 983 51 101 and
1843 1113 54 289 Grievance
1844 1430 52 65 of
1846 1514 51 87 the
1844 1634 72 181 Land)

1950 305 52 235 with
1945 574 53 315 honourable
1944 922 69 188 Justice
1956 1142 40 54 to
1945 1231 64 218 restore;

2039 368 58 134 )And
2046 538 51 99 add
2044 666 53 123 half
2044 818 52 167 Lion's
2056 1010 58 85 yet
2046 1119 69 287 remaining
2046 1436 63 160 Store'

2145 378 51 200 Which
2146 599 68 128 Troy
2122 741 90 332 shall'wswo-rn,
2147 1091 68 223 produce
2171 1326 39 13 ;
2148 1369 51 111 that
2147 1495 67 186 injur'd
2148 1694 51 178 Greece

2238 379 70 132 May
2244 524 49 137 Share
2262 678 32 93 our
2243 788 65 229 Wealth,
2246 1055 54 105 and
2247 1178 52 140 leave
2266 1337 32 94 our
2246 1451 53 165 Walls
2247 1632 50 55 in
2246 1699 54 167 Peace.

2337 376 49 103 But
2341 506 68 116 Why
2344 650 49 99 this
2343 780 69 285 Thought?
2344 1106 52 262 Unarm'd
2345 1393 51 53 if
2347 1460 50 27 I
2347 1512 51 178 Should
2367 1718 49 84 go,
2349 1841 128 27 8

2457 296 38 61 265
2434 377 52 170 What
2437 577 70 132 hope
2439 735 50 62 of
2440 816 69 184 Mercy
2441 1026 51 137 from
2442 1194 51 102 this
2443 1321 69 240 Vengeful
2444 1590 51 142 Foe?

2482 1834 126 31 S

2531 370 73 109 'But
2533 502 52 353 xVoman-like
2548 884 39 53 to
2537 961 66 103 fall'
2538 1103 52 100 and
2539 1235 70 91 fall
2541 1354 52 215 without
2559 1588 32 29 a
2541 1636 51 154 Blow.

2638 1760 54 103 We
